@article{bagnall2001next,
  author       = {A. Bagnall and V. J. Rayward-Smith and Ian M. Whittley},
  title        = {The Next Release Problem},
  journal      = {Information and Software Technology},
  year         = {2001},
  volume       = {43},
  number       = {14},
  pages        = {883--890},
  month        = dec,
  doi          = {10.1016/S0950-5849(01)00194-1}
}

@techreport{chaves2024rko,
  title     = {A Random-Key Optimizer for Combinatorial Optimization},
  author    = {Chaves, Andr{\'e} A. and Resende, Maur{\'i}cio G. C. and Schuetz, Matthew J. A. and Brubaker, Joseph K. and Katzgraber, Helmut G. and Arruda, Eduardo F. and Silva, Rodrigo M. A.},
  year      = {2024},
  institution = {arXiv preprint arXiv:2411.04293},
  url       = {https://doi.org/10.48550/arXiv.2411.04293}
}

@inproceedings{resende2010brkga,
  author       = {Mauricio G. C. Resende and Celso C. Ribeiro and Felipe A. F. Ferreira},
  title        = {A Biased Random-Key Genetic Algorithm for Combinatorial Optimization},
  booktitle    = {Proceedings of the 3rd International Conference on Learning and Intelligent Optimization (LION 3)},
  series       = {Lecture Notes in Computer Science},
  volume       = {5851},
  pages        = { biased=261--273},
  year         = {2009},
  publisher    = {Springer},
  doi          = {10.1007/978-3-642-11169-3_22}
}

@article{chaves2024randomkey,
  author       = {Antonio A. Chaves and Maur√≠cio G. C. Resende and Ricardo M. A. Silva},
  title        = {A Random-Key GRASP for Combinatorial Optimization},
  journal      = {Journal of Nonlinear and Variational Analysis},
  volume       = {8},
  number       = {6},
  pages        = {855--881},
  year         = {2024},
  doi          = {10.23952/jnva.8.2024.6.03},
  url          = {https://jnva.biemdas.com/archives/2533}
}

@article{salkin1975knapsack,
  title     = {The knapsack problem: A survey},
  author    = {Salkin, Harold M. and De Kluyver, Cornelis A.},
  journal   = {Naval Research Logistics Quarterly},
  volume    = {22},
  number    = {1},
  pages     = {127--144},
  year      = {1975},
  publisher = {Wiley},
  doi       = {10.1002/nav.3800220111}
}

